@article{hudaib2018,
    title = {Requirements prioritization techniques comparison},
    author = {Amjad Hudaib, et. al.},
    journal = {Modern Applied Science},
    year = {2018},
    url = {https://www.researchgate.net/profile/Raja-Masadeh/publication/322487895_Requirements_Prioritization_Techniques_Comparison/links/5a5dfb86aca272d4a3df5e98/Requirements-Prioritization-Techniques-Comparison.pdf},
}

@book{benyon2019,
    author = {David Benyon},
    title = {Designing User Experience},
    year = {2019},
    publisher = {Pearson Education Limited}
}
