@online{springboot2024,
    url = {https://spring.io/projects/spring-boot},
    organization = {Spring},
    urldate = {2024-11-10},
}

@online{gradle2024,
    url = {https://gradle.org/features/},
    organization = {Gradle},
    urldate = {2024-11-26},
}
