@online{h22024,
    url = {https://www.h2database.com/html/main.html},
    organization = {h2database},
    urldate = {2024-11-10},
}

@online{postgresql2024,
    url = {https://www.postgresql.org/},
    organization = {PostgreSQL},
    urldate = {2024-11-10},
}
