@online{cognito2024,
    url = {https://aws.amazon.com/cognito/},
    organization = {Amazon Cognito},
    urldate = {2024-11-26},
}
