%! Author = seb
%! Date = 11/6/24

