@online{power-bi,
  title = {Power BI},
  url = {https://www.microsoft.com/en-us/power-platform/products/power-bi},
  year = {2024}
}

@online{power-query,
  title = {What is Power Query},
  url = {https://learn.microsoft.com/en-us/power-query/power-query-what-is-power-query},
  year = {2024}
}
