@online{atlassianChartTypes,
    author = {Atlassian},
    title = {Essential chart types for data visualization},
    year = {2024},
    url = {https://www.atlassian.com/data/charts/essential-chart-types-for-data-visualization},
}

@online{wpDataTablesDynamicVisualization,
    author = {wpDataTables},
    title = {What is Dynamic Data Visualization},
    year = {2024},
    url = {https://wpdatatables.com/dynamic-data-visualization/},
}

@online{atlassianHeatmaps,
    author = {Atlassian},
    title = {A complete guide to heatmaps},
    year = {2024},
    url = {https://www.atlassian.com/data/charts/heatmap-complete-guide},
}
