@online{next2024,
    url = {https://nextjs.org/},
    organization = {Next.js},
    urldate = {2024-11-10},
}

@online{react2024,
    url = {https://react.dev/},
    organization = {React},
    urldate = {2024-11-10},
}

@online{node2024,
    url = {https://nodejs.org/en},
    organization = {Node.js},
    urldate = {2024-11-10},
}

@online{npm2024,
    url = {https://www.npmjs.com/},
    organization = {npm},
    urldate = {2024-11-10},
}
