@online{nivo2024,
    url = {https://nivo.rocks/},
    title = {Nivo},
    year = {2024}
}

@online{material-ui,
    url = {https://mui.com/},
    title = {Material-UI},
    year = {2024}
}
