@online{vercel2024,
    url = {https://vercel.com/},
    organization = {Vercel},
    urldate = {2024-11-29},
}

@online{aws2024,
    url = {https://aws.amazon.com/},
    organization = {Amazon Web Services},
    urldate = {2024-11-29},
}

@online{ubuntu2024,
    url = {https://ubuntu.com/},
    organization = {Ubuntu},
    urldate = {2024-11-29},
}

@online{rds2024,
    url = {https://aws.amazon.com/rds/postgresql/},
    organization = {Amazon RDS for PostgrSQL},
    urldate = {2024-11-29},
}
