@online{github2024,
    url = {https://github.com/},
    organization = {GitHub},
    urldate = {2024-11-26},
}

@online{git2024,
    url = {https://git-scm.com/},
    organization = {Git},
    urldate = {2024-11-26},
}
