@online{usability-heuristics,
    author = {Jakob Nielsen},
    title = {10 Usability Heuristics for User Interface Design},
    year = {1994},
    url = {https://www.nngroup.com/articles/ten-usability-heuristics/},
}
