@book{clean-code,
    author = {Robert C. Martin},
    title = {Clean Code, A Handbook of Agile Software Craftsmanship},
    date = {2008},
}
