@online{ga4-tips,
  author = {Laure Hessin},
  title = {Google Analytics 4: tips and tricks - edition 3},
  url = {https://www.adido-digital.co.uk/blog/google-analytics-4-tips-and-tricks-edition-3/},
  year = {2023}
}

@online{ga4-realtime,
  title = {Beginner's Guide to Realtime Reports in GA4},
  url = {https://www.monsterinsights.com/docs/beginners-guide-to-real-time-reports-in-ga4/},
  year = {2023}
}

@online{ga4-interface,
  title = {Google Analytics 4 Interface and Homepage},
  url = {https://ga4.com/google-analytics-4-interface-homepage},
  year = {2023}
}

@online{ga4,
  title = {Google Analytics 4},
  url = {https://developers.google.com/analytics},
  year = {2024}
}

@online{ga4-360,
  title = {Google Analytics 360},
  url = {https://support.google.com/analytics/answer/11202874?hl=en},
  year = {2024}
}
