@online{usability-heuristics,
    author = {Jakob Nielsen},
    title = {10 Usability Heuristics for User Interface Design},
    year = {1994},
    url = {https://www.nngroup.com/articles/ten-usability-heuristics/},
}

@online{iterative-design,
    author = {Jakob Nielsen},
    title = {Iterative User Interface Design},
    year = {1993},
    url = {https://www.nngroup.com/articles/iterative-design/},
}

@online{hi-lo-fidelity,
    author = {Kara Pernice},
    title = {UX Prototypes: Low Fidelity vs. High Fidelity},
    year = {2016},
    url = {https://www.nngroup.com/articles/ux-prototype-hi-lo-fidelity/},
}
