@online{cvr2024,
    url = {https://datacvr.virk.dk/enhed/virksomhed/45010171?fritekst=45010171&sideIndex=0&enhedstype=virksomhed&size=10},
    organization = {VIRK},
    urldate = {2024-10-13},
}

@online{instagram2024,
    url = {https://www.instagram.com/nova_cph/},
    organization = {Instagram},
    urldate = {2024-10-13},
}
