@book{mathiassen2018,
    author = {Lars Mathiassen and Andreas Munk-Madsen and Peter Axel Nielsen and Jan Stage},
    title = {Object-Oriented Analysis \& Design},
    edition = {Second},
    publisher = {Metodica ApS, Hadsund, Denmark},
    isbn = {978-87-970693-0-1},
    date = {2018},
}
