@report{P2,
    author = {Kristiyan Mariyan Georgiev and Mads Heilmann and Martin Kedmenec and Sebastian Hemmer Bech Mygind and
 Simon Woidemann},
    title = {Conquer the Chessboard},
    institution = {AAU},
    date = {2024-05-29},
}
